@book{Owen,
 author = {Owen, Sean and Anil, Robin and Dunning, Ted and Friedman, Ellen},
 title = {Mahout in Action},
 year = {2011},
 isbn = {1935182684, 9781935182689},
 publisher = {Manning Publications Co.},
 address = {Greenwich, CT, USA},
}

@book{Dunning14,
 author = {Dunning, Ted and Friedman, Ellen},
 title = {Practical Machine Learning},
 year = {2014},
 isbn = {1491915382},
 publisher = {O'Reilly Media},
}

@book{Hartung,
 author = {Joachim Hartung, Baerbel Elpelt},
 title = {Multivariate Statistik. Lehr- und Handbuch der angewandten Statistik},
 year = {1984},
 isbn = {3-486-28451-7},
 publisher = {Oldenbourg Verlag, MÃ¼nchen},
}

@article{Dunning93,
    author = {Ted Dunning},
    title = {Accurate Methods for the Statistics of Surprise and Coincidence},
    journal = {COMPUTATIONAL LINGUISTICS},
    year = {1993},
    volume = {19},
    number = {1},
    pages = {61--74}
}

@misc{movielensdata,
  title = {Mobielens Dataset with rating and tagging activity},
author = {GroupLens Research Project},
  howpublished = {\url{http://files.grouplens.org/datasets/movielens/}},
  note = {Accessed: 2015-06-25}
}

@article{ekstrand11,
  title =	"Collaborative Filtering Recommender Systems",
  author =	"Michael D. Ekstrand and John Riedl and Joseph A.
		 Konstan",
  journal =	"Foundations and Trends in Human-Computer Interaction",
  year = 	2011,
  number =	2,
  volume =	4,
  bibdate =	"2011-07-07",
  bibsource =	"DBLP,
		 http://dblp.uni-trier.de/db/journals/fthci/fthci4.html#EkstrandRK11",
  pages =	"175--243",
  URL =  	"http://dx.doi.org/10.1561/1100000009",
}
